@article{filis2011dynamic,
	title={Dynamic correlation between stock market and oil prices: The case of oil-importing and oil-exporting countries},
	author={Filis, George and Degiannakis, Stavros and Floros, Christos},
	journal={International Review of Financial Analysis},
	volume={20},
	number={3},
	pages={152--164},
	year={2011},
	publisher={Elsevier}
}