@article{bok2018macroeconomic,
  title={Macroeconomic nowcasting and forecasting with big data},
  author={Bok, Brandyn and Caratelli, Daniele and Giannone, Domenico and Sbordone, Argia M and Tambalotti, Andrea},
  journal={Annual Review of Economics},
  volume={10},
  pages={615--643},
  year={2018},
  publisher={Annual Reviews}
}

@book{buultjens2000excel,
	title={Excel preliminary economics},
	author={Buultjens, Jeremy},
	year={2000},
	publisher={Pascal Press}
}